<record xmlns="http://www.loc.gov/MARC21/slim" xmlns:xsi="http://www.w3.org/2001/XMLSchema-instance" xsi:schemaLocation="http://www.loc.gov/MARC21/slim http://www.loc.gov/standards/marcxml/schema/MARC21slim.xsd"><leader>00767cz   2200193n  4500</leader><controlfield tag="001">oca01583811 </controlfield><controlfield tag="005">20020703150220.0</controlfield><controlfield tag="008">860414n| acannaab           |a aaa      </controlfield><datafield ind1=" " ind2=" " tag="010"><subfield code="a">n  85125194 </subfield></datafield><datafield ind1=" " ind2=" " tag="040"><subfield code="a">DLC</subfield><subfield code="c">DLC</subfield><subfield code="d">DLC</subfield></datafield><datafield ind1="0" ind2=" " tag="100"><subfield code="a">Diphilus,</subfield><subfield code="c">of Sinope,</subfield><subfield code="d">4th cent. B.C.</subfield></datafield><datafield ind1="1" ind2=" " tag="400"><subfield code="a">Sinope, Diphilus of,</subfield><subfield code="d">4th cent. B.C.</subfield></datafield><datafield ind1="0" ind2=" " tag="400"><subfield code="a">Diphilos,</subfield><subfield code="c">aus Sinope,</subfield><subfield code="d">4th cent. B.C.</subfield></datafield><datafield ind1="0" ind2=" " tag="400"><subfield code="a">Difilo,</subfield><subfield code="d">4th cent. B.C.</subfield></datafield><datafield ind1=" " ind2=" " tag="670"><subfield code="a">LefeÌ&#x80;vre, E. Diphilos und Plautus, c1984:</subfield><subfield code="b">t.p. (Diphilos)</subfield></datafield><datafield ind1=" " ind2=" " tag="670"><subfield code="a">Br. micr., c1983</subfield><subfield code="b">(Diphilus; b. at Sinope; fl. 4th cent. B.C.)</subfield></datafield><datafield ind1=" " ind2=" " tag="670"><subfield code="a">Amer., c1975</subfield><subfield code="b">(Diphilus; b. 340? at Sinope; d. 291 B.C.)</subfield></datafield><datafield ind1=" " ind2=" " tag="670"><subfield code="a">Brockh., 1968</subfield><subfield code="b">(Diphilos, aus Sinope; activ 4th cent. B.C.)</subfield></datafield><datafield ind1=" " ind2=" " tag="670"><subfield code="a">Menandro e la Commedia nuova, 2001:</subfield><subfield code="b">p. 771 (Difilo)</subfield></datafield></record>